<record><leader>00000cas a22000007a 4500</leader><controlfield tag="001">22250854</controlfield><controlfield tag="008">900821d196419uumouwr ne      0    0eng d</controlfield><datafield ind1=" " ind2=" " tag="010"><subfield code="a">sn 90061465 </subfield></datafield><datafield ind1=" " ind2=" " tag="040"><subfield code="a">MQN</subfield><subfield code="b">eng</subfield><subfield code="c">MQN</subfield><subfield code="d">OCLCQ</subfield></datafield><datafield ind1=" " ind2=" " tag="042"><subfield code="a">msc</subfield></datafield><datafield ind1="0" ind2="0" tag="245"><subfield code="a">St. Louis County journal.</subfield></datafield><datafield ind1="3" ind2="0" tag="246"><subfield code="a">Saint Louis County journal</subfield></datafield><datafield ind1=" " ind2=" " tag="260"><subfield code="a">St. Louis, Mo. :</subfield><subfield code="b">[s.n.],</subfield><subfield code="c">1964-</subfield></datafield><datafield ind1=" " ind2=" " tag="300"><subfield code="a">v.</subfield></datafield><datafield ind1=" " ind2=" " tag="310"><subfield code="a">Weekly</subfield></datafield><datafield ind1="0" ind2=" " tag="362"><subfield code="a">Vol. 51, no. 37 (Sept. 23, 1964)-</subfield></datafield><datafield ind1=" " ind2=" " tag="752"><subfield code="a">United States</subfield><subfield code="b">Missouri</subfield><subfield code="d">Saint Louis.</subfield></datafield><datafield ind1=" " ind2=" " tag="752"><subfield code="a">United States</subfield><subfield code="b">Missouri</subfield><subfield code="c">Saint Louis.</subfield></datafield><datafield ind1="0" ind2=" " tag="775"><subfield code="t">North County journal</subfield><subfield code="w">(DLC)sn 90061466</subfield></datafield><datafield ind1="0" ind2=" " tag="775"><subfield code="t">Northwest County journal</subfield><subfield code="w">(DLC)sn 90061467</subfield></datafield><datafield ind1="0" ind2="0" tag="780"><subfield code="t">Wellston journal</subfield><subfield code="w">(DLC)sn 90061464</subfield></datafield></record>